<?xml version="1.0" encoding="UTF-8" standalone="no"?>
<searchRetrieveResponse xmlns="http://www.loc.gov/zing/srw/">
  <version>1.2</version>
  <numberOfRecords>42</numberOfRecords>
  <records>
    <record>
      <recordSchema>kormarcxml</recordSchema>
      <recordPacking>xml</recordPacking>
      <recordData>
        <record xmlns="http://www.nl.go.kr/kormarc/">
          <leader>01576nam0-2200409---4500</leader>
          <controlfield tag="001">990002180740203961</controlfield>
          <controlfield tag="005">20180625022747.0</controlfield>
          <datafield ind1=" " ind2=" " tag="010">
            <subfield code="a">7-5037-1744-0</subfield>
            <subfield code="d">CNY68.00</subfield>
          </datafield>
          <datafield ind1=" " ind2=" " tag="035">
            <subfield code="a">(aleph)000218074BNU03</subfield>
          </datafield>
          <datafield ind1=" " ind2=" " tag="090">
            <subfield code="a">F124</subfield>
            <subfield code="b">26</subfield>
            <subfield code="u">F124/26</subfield>
            <subfield code="z">bcp</subfield>
          </datafield>
          <datafield ind1=" " ind2=" " tag="100">
            <subfield code="a">20020204d1994    em y0chiy0120    ea</subfield>
          </datafield>
          <datafield ind1="0" ind2=" " tag="101">
            <subfield code="a">chi</subfield>
          </datafield>
          <datafield ind1=" " ind2=" " tag="102">
            <subfield code="a">CN</subfield>
            <subfield code="b">110000</subfield>
          </datafield>
          <datafield ind1=" " ind2=" " tag="105">
            <subfield code="a">ak  z   000yy</subfield>
          </datafield>
          <datafield ind1=" " ind2=" " tag="106">
            <subfield code="a">r</subfield>
          </datafield>
          <datafield ind1="1" ind2=" " tag="200">
            <subfield code="a">'94中国发展报告</subfield>
            <subfield code="A">'94Zhong Guo Fa Zhan Bao Gao</subfield>
            <subfield code="f">国家统计局编</subfield>
            <subfield code="F">Guo Jia Tong Ji Ju Bian</subfield>
          </datafield>
          <datafield ind1=" " ind2=" " tag="210">
            <subfield code="a">北京</subfield>
            <subfield code="c">中国统计出版社</subfield>
            <subfield code="d">1994</subfield>
          </datafield>
          <datafield ind1=" " ind2=" " tag="215">
            <subfield code="a">320页</subfield>
            <subfield code="c">图</subfield>
            <subfield code="d">27cm</subfield>
          </datafield>
          <datafield ind1=" " ind2=" " tag="300">
            <subfield code="a">本书由叶震与李强等主编。</subfield>
          </datafield>
          <datafield ind1=" " ind2=" " tag="320">
            <subfield code="a">有书目。</subfield>
          </datafield>
          <datafield ind1="1" ind2="0" tag="500">
            <subfield code="a">中国发展报告</subfield>
          </datafield>
          <datafield ind1=" " ind2=" " tag="606">
            <subfield code="a">经济发展</subfield>
            <subfield code="x">概况</subfield>
            <subfield code="y">中国</subfield>
            <subfield code="z">1994</subfield>
          </datafield>
          <datafield ind1=" " ind2=" " tag="690">
            <subfield code="a">F124</subfield>
            <subfield code="v">3</subfield>
          </datafield>
          <datafield ind1=" " ind2="0" tag="701">
            <subfield code="a">叶震</subfield>
            <subfield code="A">Xie Zhen</subfield>
            <subfield code="4">主编</subfield>
          </datafield>
          <datafield ind1=" " ind2="0" tag="701">
            <subfield code="a">李强</subfield>
            <subfield code="A">Li Qiang</subfield>
            <subfield code="4">主编</subfield>
          </datafield>
          <datafield ind1="0" ind2="2" tag="711">
            <subfield code="a">国家统计局</subfield>
            <subfield code="A">Guo Jia Tong Ji Ju</subfield>
            <subfield code="4">编</subfield>
          </datafield>
          <datafield ind1=" " ind2="0" tag="801">
            <subfield code="a">CN</subfield>
            <subfield code="b">BNU</subfield>
            <subfield code="c">19950626</subfield>
          </datafield>
          <datafield ind1=" " ind2="2" tag="801">
            <subfield code="a">CN</subfield>
            <subfield code="b">BSD</subfield>
            <subfield code="c">19951009</subfield>
          </datafield>
          <datafield ind1=" " ind2=" " tag="905">
            <subfield code="a">BNU</subfield>
            <subfield code="d">F124</subfield>
            <subfield code="e">26</subfield>
            <subfield code="s">F124/26</subfield>
            <subfield code="z">bcp</subfield>
          </datafield>
          <datafield ind1=" " ind2=" " tag="906">
            <subfield code="a">211260</subfield>
            <subfield code="b">1683011</subfield>
            <subfield code="d">F124</subfield>
            <subfield code="e">26</subfield>
            <subfield code="x">912</subfield>
          </datafield>
          <datafield ind1=" " ind2=" " tag="906">
            <subfield code="a">211260</subfield>
            <subfield code="b">1683012</subfield>
            <subfield code="d">F124</subfield>
            <subfield code="e">26</subfield>
            <subfield code="r">CNY</subfield>
          </datafield>
          <datafield ind1=" " ind2=" " tag="906">
            <subfield code="a">211260</subfield>
            <subfield code="b">1683013</subfield>
            <subfield code="d">F124</subfield>
            <subfield code="e">26</subfield>
            <subfield code="r">CNY</subfield>
          </datafield>
          <datafield ind1=" " ind2=" " tag="909">
            <subfield code="a">F124</subfield>
            <subfield code="v">3</subfield>
          </datafield>
          <datafield ind1=" " ind2=" " tag="935">
            <subfield code="a">211260</subfield>
            <subfield code="b">1683011-3</subfield>
            <subfield code="d">F124</subfield>
            <subfield code="e">26</subfield>
            <subfield code="z">W</subfield>
          </datafield>
          <datafield ind1=" " ind2=" " tag="988">
            <subfield code="a">MC</subfield>
          </datafield>
          <datafield ind1=" " ind2=" " tag="995">
            <subfield code="a">F124/26</subfield>
          </datafield>
          <datafield ind1=" " ind2=" " tag="998">
            <subfield code="a">cn007</subfield>
          </datafield>
          <datafield ind1=" " ind2=" " tag="999">
            <subfield code="a">W</subfield>
          </datafield>
          <datafield ind1=" " ind2=" " tag="AVA">
            <subfield code="0">990002180740203961</subfield>
            <subfield code="8">22234735490003961</subfield>
            <subfield code="a">86BNU_INST</subfield>
            <subfield code="b">MDMP</subfield>
            <subfield code="c">中文库本书—A-H(主馆六层)</subfield>
            <subfield code="d">F124 26</subfield>
            <subfield code="e">available</subfield>
            <subfield code="f">1</subfield>
            <subfield code="g">0</subfield>
            <subfield code="j">BCPSA</subfield>
            <subfield code="k">8</subfield>
            <subfield code="p">1</subfield>
            <subfield code="q">总馆普通文献</subfield>
          </datafield>
          <datafield ind1=" " ind2=" " tag="AVA">
            <subfield code="0">990002180740203961</subfield>
            <subfield code="8">22234735510003961</subfield>
            <subfield code="a">86BNU_INST</subfield>
            <subfield code="b">MDMP</subfield>
            <subfield code="c">中文预约书—1986-1995(主馆地下二层戊区)</subfield>
            <subfield code="d">F124 26</subfield>
            <subfield code="e">available</subfield>
            <subfield code="f">1</subfield>
            <subfield code="g">0</subfield>
            <subfield code="j">BCPH8</subfield>
            <subfield code="k">8</subfield>
            <subfield code="p">2</subfield>
            <subfield code="q">总馆普通文献</subfield>
          </datafield>
        </record>
      </recordData>
      <recordIdentifier>990002180740203961</recordIdentifier>
      <recordPosition>1</recordPosition>
    </record>