
    <record>
      <recordSchema>kormarcxml</recordSchema>
      <recordPacking>xml</recordPacking>
      <recordData>
        <record xmlns="http://www.nl.go.kr/kormarc/">
          <leader>01468nam0 2200325   4500</leader>
          <controlfield tag="001">990002181050203961</controlfield>
          <controlfield tag="005">20180625022747.0</controlfield>
          <datafield ind1=" " ind2=" " tag="010">
            <subfield code="a">7-5037-2291-6</subfield>
            <subfield code="d">CNY88.00</subfield>
          </datafield>
          <datafield ind1=" " ind2=" " tag="035">
            <subfield code="a">(aleph)000218105BNU03</subfield>
          </datafield>
          <datafield ind1=" " ind2=" " tag="090">
            <subfield code="a">F124</subfield>
            <subfield code="b">26</subfield>
            <subfield code="g">bk</subfield>
            <subfield code="u">F124/26</subfield>
            <subfield code="z">bcp</subfield>
          </datafield>
          <datafield ind1=" " ind2=" " tag="100">
            <subfield code="a">20020204d1996    em y0chiy50      ea</subfield>
          </datafield>
          <datafield ind1="0" ind2=" " tag="101">
            <subfield code="a">chi</subfield>
          </datafield>
          <datafield ind1=" " ind2=" " tag="102">
            <subfield code="a">CN</subfield>
            <subfield code="b">110000</subfield>
          </datafield>
          <datafield ind1=" " ind2=" " tag="105">
            <subfield code="a">afk a    000y</subfield>
          </datafield>
          <datafield ind1=" " ind2=" " tag="106">
            <subfield code="a">r</subfield>
          </datafield>
          <datafield ind1="1" ind2=" " tag="200">
            <subfield code="a">'96 中国发展报告</subfield>
            <subfield code="A">'96 Zhong Guo Fa Zhan Bao Gao</subfield>
            <subfield code="e">中国的“八五”</subfield>
            <subfield code="E">Zhong Guo De “ Ba Wu ”</subfield>
            <subfield code="f">国家统计局编</subfield>
            <subfield code="F">Guo Jia Tong Ji Ju Bian</subfield>
          </datafield>
          <datafield ind1=" " ind2=" " tag="210">
            <subfield code="a">北京</subfield>
            <subfield code="c">中国统计出版社</subfield>
            <subfield code="d">1996</subfield>
          </datafield>
          <datafield ind1=" " ind2=" " tag="215">
            <subfield code="a">422,图版[40]页</subfield>
            <subfield code="c">照片</subfield>
            <subfield code="d">27cm</subfield>
          </datafield>
          <datafield ind1=" " ind2=" " tag="300">
            <subfield code="a">封面英文题名:China Development Report 1996。</subfield>
          </datafield>
          <datafield ind1=" " ind2=" " tag="314">
            <subfield code="a">本书由张塞等主编。</subfield>
          </datafield>
          <datafield ind1="1" ind2="0" tag="500">
            <subfield code="a">中国发展报告</subfield>
            <subfield code="A">zhong guo fa zhan bao gao</subfield>
          </datafield>
          <datafield ind1="0" ind2=" " tag="606">
            <subfield code="a">经济发展</subfield>
            <subfield code="x">概况</subfield>
            <subfield code="y">中国</subfield>
            <subfield code="z">1996</subfield>
            <subfield code="A">jing ji fa zhan</subfield>
          </datafield>
          <datafield ind1=" " ind2=" " tag="690">
            <subfield code="a">F124</subfield>
            <subfield code="v">4</subfield>
          </datafield>
          <datafield ind1=" " ind2="0" tag="701">
            <subfield code="a">张塞</subfield>
            <subfield code="A">Zhang Sai</subfield>
            <subfield code="4">主编</subfield>
          </datafield>
          <datafield ind1=" " ind2="0" tag="801">
            <subfield code="a">CN</subfield>
            <subfield code="b">BNU</subfield>
            <subfield code="c">19980306</subfield>
          </datafield>
          <datafield ind1=" " ind2="2" tag="801">
            <subfield code="a">CN</subfield>
            <subfield code="b">BNU</subfield>
            <subfield code="c">20120705</subfield>
          </datafield>
          <datafield ind1=" " ind2=" " tag="905">
            <subfield code="a">BNU</subfield>
            <subfield code="c">bk</subfield>
            <subfield code="d">F124</subfield>
            <subfield code="e">26</subfield>
            <subfield code="s">F124/26</subfield>
            <subfield code="z">bcp</subfield>
          </datafield>
          <datafield ind1=" " ind2=" " tag="909">
            <subfield code="a">F124</subfield>
            <subfield code="v">4</subfield>
          </datafield>
          <datafield ind1=" " ind2=" " tag="935">
            <subfield code="a">211260</subfield>
            <subfield code="b">1731854</subfield>
            <subfield code="b">1736772</subfield>
            <subfield code="b">1805013</subfield>
            <subfield code="b">1865841</subfield>
            <subfield code="d">F124</subfield>
            <subfield code="e">26</subfield>
            <subfield code="z">D</subfield>
          </datafield>
          <datafield ind1=" " ind2=" " tag="999">
            <subfield code="a">D</subfield>
            <subfield code="e">ZJJ</subfield>
            <subfield code="g">20120705</subfield>
          </datafield>
          <datafield ind1=" " ind2=" " tag="AVA">
            <subfield code="0">990002181050203961</subfield>
            <subfield code="8">22234734400003961</subfield>
            <subfield code="a">86BNU_INST</subfield>
            <subfield code="b">MDMP</subfield>
            <subfield code="c">中文书—A-H(主馆四层)</subfield>
            <subfield code="d">F124 26</subfield>
            <subfield code="e">available</subfield>
            <subfield code="f">2</subfield>
            <subfield code="g">0</subfield>
            <subfield code="j">BCPLA</subfield>
            <subfield code="k">8</subfield>
            <subfield code="p">1</subfield>
            <subfield code="q">总馆普通文献</subfield>
          </datafield>
          <datafield ind1=" " ind2=" " tag="AVA">
            <subfield code="0">990002181050203961</subfield>
            <subfield code="8">22234734370003961</subfield>
            <subfield code="a">86BNU_INST</subfield>
            <subfield code="b">MDMP</subfield>
            <subfield code="c">中文库本书—A-H(主馆六层)</subfield>
            <subfield code="d">F124 26</subfield>
            <subfield code="e">available</subfield>
            <subfield code="f">1</subfield>
            <subfield code="g">0</subfield>
            <subfield code="j">BCPSA</subfield>
            <subfield code="k">8</subfield>
            <subfield code="p">2</subfield>
            <subfield code="q">总馆普通文献</subfield>
          </datafield>
          <datafield ind1=" " ind2=" " tag="AVA">
            <subfield code="0">990002181050203961</subfield>
            <subfield code="8">22234734320003961</subfield>
            <subfield code="a">86BNU_INST</subfield>
            <subfield code="b">SDEP</subfield>
            <subfield code="c">中外文书-配第书馆(国民核算研究院，前主楼B区524室)</subfield>
            <subfield code="d">F124 26</subfield>
            <subfield code="e">available</subfield>
            <subfield code="f">1</subfield>
            <subfield code="g">0</subfield>
            <subfield code="v">from:1996 until:1996</subfield>
            <subfield code="j">SDEP3</subfield>
            <subfield code="k">8</subfield>
            <subfield code="p">3</subfield>
            <subfield code="q">院系资料室</subfield>
          </datafield>
          <datafield ind1=" " ind2=" " tag="OWN">
            <subfield code="a">BM01</subfield>
          </datafield>
        </record>
      </recordData>
      <recordIdentifier>990002181050203961</recordIdentifier>
      <recordPosition>3</recordPosition>
    </record>