
    <record>
      <recordSchema>kormarcxml</recordSchema>
      <recordPacking>xml</recordPacking>
      <recordData>
        <record xmlns="http://www.nl.go.kr/kormarc/">
          <leader>01166nam0 2200253   450 </leader>
          <controlfield tag="001">9910637057203961</controlfield>
          <controlfield tag="005">20190611112950.0</controlfield>
          <datafield ind1=" " ind2=" " tag="010">
            <subfield code="a">7-5037-2623-7</subfield>
          </datafield>
          <datafield ind1=" " ind2=" " tag="035">
            <subfield code="a">CXEBK10344696</subfield>
          </datafield>
          <datafield ind1=" " ind2=" " tag="100">
            <subfield code="a">20190611d########u##y0chiy50######ea</subfield>
          </datafield>
          <datafield ind1=" " ind2=" " tag="101">
            <subfield code="a">chi</subfield>
          </datafield>
          <datafield ind1=" " ind2=" " tag="102">
            <subfield code="a">CN</subfield>
          </datafield>
          <datafield ind1=" " ind2=" " tag="105">
            <subfield code="a">y   z   000yy</subfield>
          </datafield>
          <datafield ind1=" " ind2=" " tag="135">
            <subfield code="a">drbn#---auaua</subfield>
          </datafield>
          <datafield ind1="1" ind2=" " tag="200">
            <subfield code="a">'97中国发展报告</subfield>
            <subfield code="b">电子资源</subfield>
            <subfield code="f">国家统计局编</subfield>
          </datafield>
          <datafield ind1=" " ind2=" " tag="210">
            <subfield code="c">中国统计出版社</subfield>
            <subfield code="d">1997</subfield>
          </datafield>
          <datafield ind1=" " ind2=" " tag="215">
            <subfield code="a">在线资源(393页)</subfield>
          </datafield>
          <datafield ind1=" " ind2=" " tag="306">
            <subfield code="a">由超星数图信息技术有限公司制作</subfield>
          </datafield>
          <datafield ind1=" " ind2=" " tag="325">
            <subfield code="a">电子复制品</subfield>
          </datafield>
          <datafield ind1=" " ind2=" " tag="337">
            <subfield code="a">WWW访问，使用IE等常用浏览器，请安装超星阅读器</subfield>
          </datafield>
          <datafield ind1=" " ind2=" " tag="606">
            <subfield code="a">经济发展 概况 中国 1997</subfield>
          </datafield>
          <datafield ind1=" " ind2=" " tag="690">
            <subfield code="a">F124</subfield>
          </datafield>
          <datafield ind1="0" ind2="2" tag="711">
            <subfield code="a">国家统计局</subfield>
          </datafield>
          <datafield ind1=" " ind2="0" tag="801">
            <subfield code="a">CN</subfield>
            <subfield code="b">BNU</subfield>
            <subfield code="c">20170630</subfield>
          </datafield>
          <datafield ind1=" " ind2=" " tag="AVE">
            <subfield code="8">53354459400003961</subfield>
            <subfield code="c">61350263510003961</subfield>
            <subfield code="e">Available</subfield>
            <subfield code="m">超星电子图书</subfield>
          </datafield>
        </record>
      </recordData>
      <recordIdentifier>9910637057203961</recordIdentifier>
      <recordPosition>4</recordPosition>
    </record>