
    <record>
      <recordSchema>kormarcxml</recordSchema>
      <recordPacking>xml</recordPacking>
      <recordData>
        <record xmlns="http://www.nl.go.kr/kormarc/">
          <leader>01494nam0 2200397   4500</leader>
          <controlfield tag="001">990001379140203961</controlfield>
          <controlfield tag="005">20180625021906.0</controlfield>
          <datafield ind1=" " ind2=" " tag="010">
            <subfield code="a">7-5037-2899-X</subfield>
            <subfield code="d">CNY赠95.00</subfield>
          </datafield>
          <datafield ind1=" " ind2=" " tag="035">
            <subfield code="a">(aleph)000137914BNU03</subfield>
          </datafield>
          <datafield ind1=" " ind2=" " tag="090">
            <subfield code="a">F124</subfield>
            <subfield code="b">26</subfield>
            <subfield code="u">F124/26</subfield>
            <subfield code="z">bcp</subfield>
          </datafield>
          <datafield ind1=" " ind2=" " tag="099">
            <subfield code="a">CAL 012000594459</subfield>
          </datafield>
          <datafield ind1=" " ind2=" " tag="100">
            <subfield code="a">20010912d1999    ekmy0chiy0120    ea</subfield>
          </datafield>
          <datafield ind1="0" ind2=" " tag="101">
            <subfield code="a">chi</subfield>
          </datafield>
          <datafield ind1=" " ind2=" " tag="102">
            <subfield code="a">CN</subfield>
            <subfield code="b">110000</subfield>
          </datafield>
          <datafield ind1=" " ind2=" " tag="105">
            <subfield code="a">k   i   000yy</subfield>
          </datafield>
          <datafield ind1=" " ind2=" " tag="106">
            <subfield code="a">r</subfield>
          </datafield>
          <datafield ind1="1" ind2=" " tag="200">
            <subfield code="a">'99中国发展报告</subfield>
            <subfield code="A">'99 Zhong Guo Fa Zhan Bao Gao</subfield>
            <subfield code="f">国家统计局编</subfield>
            <subfield code="F">Guo Jia Tong Ji Ju Bian</subfield>
          </datafield>
          <datafield ind1=" " ind2=" " tag="210">
            <subfield code="a">北京</subfield>
            <subfield code="c">中国统计出版社</subfield>
            <subfield code="d">1999</subfield>
          </datafield>
          <datafield ind1=" " ind2=" " tag="215">
            <subfield code="a">387页</subfield>
            <subfield code="d">27cm</subfield>
          </datafield>
          <datafield ind1=" " ind2=" " tag="312">
            <subfield code="a">封面英文题名:China Development Report 1999。</subfield>
          </datafield>
          <datafield ind1="1" ind2=" " tag="510">
            <subfield code="a">China Development Report 1999</subfield>
            <subfield code="z">eng</subfield>
          </datafield>
          <datafield ind1=" " ind2=" " tag="606">
            <subfield code="a">经济发展</subfield>
            <subfield code="x">概况</subfield>
            <subfield code="y">中国</subfield>
            <subfield code="z">1998</subfield>
            <subfield code="A">jingji fazhan</subfield>
          </datafield>
          <datafield ind1=" " ind2=" " tag="606">
            <subfield code="a">社会发展</subfield>
            <subfield code="x">概况</subfield>
            <subfield code="y">中国</subfield>
            <subfield code="z">1998</subfield>
            <subfield code="A">shehui fazhan</subfield>
          </datafield>
          <datafield ind1=" " ind2=" " tag="690">
            <subfield code="a">F124</subfield>
            <subfield code="v">4</subfield>
          </datafield>
          <datafield ind1=" " ind2=" " tag="690">
            <subfield code="a">F12</subfield>
            <subfield code="v">4</subfield>
          </datafield>
          <datafield ind1="0" ind2="2" tag="711">
            <subfield code="a">国家统计局</subfield>
            <subfield code="A">Guo Jia Tong Ji Ju</subfield>
            <subfield code="4">编</subfield>
          </datafield>
          <datafield ind1=" " ind2="0" tag="801">
            <subfield code="a">CN</subfield>
            <subfield code="b">TL</subfield>
            <subfield code="c">20000128</subfield>
          </datafield>
          <datafield ind1=" " ind2="2" tag="801">
            <subfield code="a">CN</subfield>
            <subfield code="b">BGDL</subfield>
            <subfield code="c">20000418</subfield>
          </datafield>
          <datafield ind1=" " ind2="2" tag="801">
            <subfield code="a">CN</subfield>
            <subfield code="b">BNU</subfield>
            <subfield code="c">20011030</subfield>
          </datafield>
          <datafield ind1=" " ind2=" " tag="905">
            <subfield code="a">BNU</subfield>
            <subfield code="d">F124</subfield>
            <subfield code="e">26</subfield>
            <subfield code="s">F124/26</subfield>
            <subfield code="z">bcp</subfield>
          </datafield>
          <datafield ind1=" " ind2=" " tag="909">
            <subfield code="a">F124</subfield>
            <subfield code="v">4</subfield>
          </datafield>
          <datafield ind1=" " ind2=" " tag="909">
            <subfield code="a">F12</subfield>
            <subfield code="v">4</subfield>
          </datafield>
          <datafield ind1=" " ind2=" " tag="920">
            <subfield code="a">211260</subfield>
            <subfield code="z">1</subfield>
          </datafield>
          <datafield ind1=" " ind2=" " tag="935">
            <subfield code="a">211260</subfield>
            <subfield code="b">1805016</subfield>
            <subfield code="b">1865829-30</subfield>
            <subfield code="d">F124</subfield>
            <subfield code="e">26</subfield>
          </datafield>
          <datafield ind1=" " ind2=" " tag="995">
            <subfield code="a">F124/26</subfield>
          </datafield>
          <datafield ind1=" " ind2=" " tag="999">
            <subfield code="a">c</subfield>
            <subfield code="e">ZXL</subfield>
            <subfield code="g">20030424</subfield>
          </datafield>
          <datafield ind1=" " ind2=" " tag="AVA">
            <subfield code="0">990001379140203961</subfield>
            <subfield code="8">22223535990003961</subfield>
            <subfield code="a">86BNU_INST</subfield>
            <subfield code="b">MDMP</subfield>
            <subfield code="c">中文书—A-H(主馆四层)</subfield>
            <subfield code="d">F124 26</subfield>
            <subfield code="e">available</subfield>
            <subfield code="f">2</subfield>
            <subfield code="g">0</subfield>
            <subfield code="j">BCPLA</subfield>
            <subfield code="k">8</subfield>
            <subfield code="p">1</subfield>
            <subfield code="q">总馆普通文献</subfield>
          </datafield>
          <datafield ind1=" " ind2=" " tag="AVA">
            <subfield code="0">990001379140203961</subfield>
            <subfield code="8">22223535920003961</subfield>
            <subfield code="a">86BNU_INST</subfield>
            <subfield code="b">MDMP</subfield>
            <subfield code="c">中文库本书—A-H(主馆六层)</subfield>
            <subfield code="d">F124 26</subfield>
            <subfield code="e">available</subfield>
            <subfield code="f">1</subfield>
            <subfield code="g">0</subfield>
            <subfield code="j">BCPSA</subfield>
            <subfield code="k">8</subfield>
            <subfield code="p">2</subfield>
            <subfield code="q">总馆普通文献</subfield>
          </datafield>
          <datafield ind1=" " ind2=" " tag="OWN">
            <subfield code="a">BM01</subfield>
          </datafield>
        </record>
      </recordData>
      <recordIdentifier>990001379140203961</recordIdentifier>
      <recordPosition>7</recordPosition>
    </record>