
    <record>
      <recordSchema>kormarcxml</recordSchema>
      <recordPacking>xml</recordPacking>
      <recordData>
        <record xmlns="http://www.nl.go.kr/kormarc/">
          <leader>01125nam0 2200301   4500</leader>
          <controlfield tag="001">990002264090203961</controlfield>
          <controlfield tag="005">20180624035216.0</controlfield>
          <datafield ind1=" " ind2=" " tag="010">
            <subfield code="a">7-5037-0758-5</subfield>
            <subfield code="d">CNY55.00</subfield>
          </datafield>
          <datafield ind1=" " ind2=" " tag="035">
            <subfield code="a">(aleph)000226409BNU03</subfield>
          </datafield>
          <datafield ind1=" " ind2=" " tag="090">
            <subfield code="a">D668</subfield>
            <subfield code="b">4</subfield>
            <subfield code="g">bk</subfield>
            <subfield code="u">D668/4</subfield>
            <subfield code="z">bcp</subfield>
          </datafield>
          <datafield ind1=" " ind2=" " tag="100">
            <subfield code="a">20020422d1993    ekmy0chiy0120    ea</subfield>
          </datafield>
          <datafield ind1="0" ind2=" " tag="101">
            <subfield code="a">chi</subfield>
          </datafield>
          <datafield ind1=" " ind2=" " tag="102">
            <subfield code="a">CN</subfield>
            <subfield code="b">110000</subfield>
          </datafield>
          <datafield ind1=" " ind2=" " tag="105">
            <subfield code="a">y   z   000yy</subfield>
          </datafield>
          <datafield ind1=" " ind2=" " tag="106">
            <subfield code="a">r</subfield>
          </datafield>
          <datafield ind1="1" ind2=" " tag="200">
            <subfield code="a">’92中国发展报告</subfield>
            <subfield code="f">国家统计局编</subfield>
            <subfield code="A">92 zhongguo fazhan baogao</subfield>
            <subfield code="F">guojia tongjiju bian</subfield>
          </datafield>
          <datafield ind1=" " ind2=" " tag="210">
            <subfield code="a">北京</subfield>
            <subfield code="c">中国统计出版社</subfield>
            <subfield code="d">1993</subfield>
          </datafield>
          <datafield ind1=" " ind2=" " tag="215">
            <subfield code="a">350页</subfield>
            <subfield code="d">26cm</subfield>
          </datafield>
          <datafield ind1="1" ind2=" " tag="517">
            <subfield code="a">中国发展报告</subfield>
            <subfield code="A">zhongguo fazhan baogao</subfield>
          </datafield>
          <datafield ind1="0" ind2=" " tag="606">
            <subfield code="a">社会分析</subfield>
            <subfield code="y">中国</subfield>
            <subfield code="A">shehui fenxi</subfield>
          </datafield>
          <datafield ind1=" " ind2=" " tag="690">
            <subfield code="a">D668</subfield>
          </datafield>
          <datafield ind1="0" ind2="2" tag="711">
            <subfield code="a">国家统计局</subfield>
            <subfield code="4">编</subfield>
            <subfield code="A">guojia tongjiju</subfield>
          </datafield>
          <datafield ind1=" " ind2="0" tag="801">
            <subfield code="a">CN</subfield>
            <subfield code="b">BNU</subfield>
            <subfield code="c">20020422</subfield>
          </datafield>
          <datafield ind1=" " ind2="2" tag="801">
            <subfield code="a">CN</subfield>
            <subfield code="b">BNU</subfield>
            <subfield code="c">20120703</subfield>
          </datafield>
          <datafield ind1=" " ind2=" " tag="905">
            <subfield code="a">BNU</subfield>
            <subfield code="c">bk</subfield>
            <subfield code="d">D668</subfield>
            <subfield code="e">4</subfield>
            <subfield code="s">D668/4</subfield>
            <subfield code="z">bcp</subfield>
          </datafield>
          <datafield ind1=" " ind2=" " tag="909">
            <subfield code="a">D668</subfield>
          </datafield>
          <datafield ind1=" " ind2=" " tag="999">
            <subfield code="a">CH29</subfield>
            <subfield code="c">20020422</subfield>
            <subfield code="e">ZJJ</subfield>
          </datafield>
          <datafield ind1=" " ind2=" " tag="AVA">
            <subfield code="0">990002264090203961</subfield>
            <subfield code="8">22238081950003961</subfield>
            <subfield code="a">86BNU_INST</subfield>
            <subfield code="b">MDMP</subfield>
            <subfield code="c">中文库本书—A-H(主馆六层)</subfield>
            <subfield code="d">D668 4</subfield>
            <subfield code="e">available</subfield>
            <subfield code="f">1</subfield>
            <subfield code="g">0</subfield>
            <subfield code="j">BCPSA</subfield>
            <subfield code="k">8</subfield>
            <subfield code="p">1</subfield>
            <subfield code="q">总馆普通文献</subfield>
          </datafield>
          <datafield ind1=" " ind2=" " tag="AVA">
            <subfield code="0">990002264090203961</subfield>
            <subfield code="8">22238081900003961</subfield>
            <subfield code="a">86BNU_INST</subfield>
            <subfield code="b">SDEP</subfield>
            <subfield code="c">中外文书-配第书馆(国民核算研究院，前主楼B区524室)</subfield>
            <subfield code="d">D668 4</subfield>
            <subfield code="e">available</subfield>
            <subfield code="f">1</subfield>
            <subfield code="g">0</subfield>
            <subfield code="v">from:92 until:92</subfield>
            <subfield code="j">SDEP3</subfield>
            <subfield code="k">8</subfield>
            <subfield code="p">2</subfield>
            <subfield code="q">院系资料室</subfield>
          </datafield>
          <datafield ind1=" " ind2=" " tag="OWN">
            <subfield code="a">BM03</subfield>
          </datafield>
        </record>
      </recordData>
      <recordIdentifier>990002264090203961</recordIdentifier>
      <recordPosition>8</recordPosition>
    </record>