
    <record>
      <recordSchema>kormarcxml</recordSchema>
      <recordPacking>xml</recordPacking>
      <recordData>
        <record xmlns="http://www.nl.go.kr/kormarc/">
          <leader>01929nam  2200409   4500</leader>
          <controlfield tag="001">990004545720203961</controlfield>
          <controlfield tag="005">20180624044239.0</controlfield>
          <datafield ind1=" " ind2=" " tag="010">
            <subfield code="a">7-80127-555-1</subfield>
            <subfield code="d">CNY20.00</subfield>
          </datafield>
          <datafield ind1=" " ind2=" " tag="035">
            <subfield code="a">(aleph)000454572BNU03</subfield>
          </datafield>
          <datafield ind1=" " ind2=" " tag="090">
            <subfield code="a">D668</subfield>
            <subfield code="b">bnu4</subfield>
            <subfield code="g">bk</subfield>
            <subfield code="u">D668/bnu4</subfield>
            <subfield code="z">bcp</subfield>
          </datafield>
          <datafield ind1=" " ind2=" " tag="099">
            <subfield code="a">CAL 012003173736</subfield>
          </datafield>
          <datafield ind1=" " ind2=" " tag="100">
            <subfield code="a">20060323d1999    ekmy0chiy0120    ea</subfield>
          </datafield>
          <datafield ind1="0" ind2=" " tag="101">
            <subfield code="a">chi</subfield>
          </datafield>
          <datafield ind1=" " ind2=" " tag="102">
            <subfield code="a">CN</subfield>
            <subfield code="b">110000</subfield>
          </datafield>
          <datafield ind1=" " ind2=" " tag="105">
            <subfield code="a">k   z   000yy</subfield>
          </datafield>
          <datafield ind1=" " ind2=" " tag="106">
            <subfield code="a">r</subfield>
          </datafield>
          <datafield ind1="1" ind2=" " tag="200">
            <subfield code="a">1999 年中国发展状况与趋势</subfield>
            <subfield code="A">1999 Nian Zhong Guo Fa Zhan Zhuang Kuang Yu Qu Shi</subfield>
            <subfield code="f">主编季野, 张西明, 张弢...[等]</subfield>
            <subfield code="F">zhu bian ji ye , zhang xi ming , qu ke min deng</subfield>
          </datafield>
          <datafield ind1=" " ind2=" " tag="210">
            <subfield code="a">北京</subfield>
            <subfield code="c">经济日报出版社</subfield>
            <subfield code="d">1999</subfield>
          </datafield>
          <datafield ind1=" " ind2=" " tag="215">
            <subfield code="a">10, 374页</subfield>
            <subfield code="d">21cm</subfield>
          </datafield>
          <datafield ind1="2" ind2=" " tag="225">
            <subfield code="a">中国发展报告书</subfield>
            <subfield code="A">zhong guo fa zhan bao gao shu</subfield>
          </datafield>
          <datafield ind1=" " ind2="0" tag="410">
            <subfield code="1">2001</subfield>
            <subfield code="a">中国发展报告书</subfield>
          </datafield>
          <datafield ind1="1" ind2="0" tag="500">
            <subfield code="a">中国发展状况与趋势</subfield>
            <subfield code="A">zhong guo fa zhan zhuang kuang yu qu shi</subfield>
          </datafield>
          <datafield ind1="0" ind2=" " tag="606">
            <subfield code="a">社会发展</subfield>
            <subfield code="x">概况</subfield>
            <subfield code="y">中国</subfield>
            <subfield code="A">she hui fa zhan</subfield>
          </datafield>
          <datafield ind1="0" ind2=" " tag="606">
            <subfield code="a">社会发展</subfield>
            <subfield code="x">预测</subfield>
            <subfield code="y">中国</subfield>
            <subfield code="A">she hui fa zhan</subfield>
          </datafield>
          <datafield ind1="0" ind2=" " tag="606">
            <subfield code="a">经济发展趋势</subfield>
            <subfield code="y">中国</subfield>
            <subfield code="A">jing ji fa zhan qu shi</subfield>
          </datafield>
          <datafield ind1=" " ind2=" " tag="690">
            <subfield code="a">D668</subfield>
            <subfield code="v">4</subfield>
          </datafield>
          <datafield ind1=" " ind2=" " tag="690">
            <subfield code="a">F124</subfield>
            <subfield code="v">4</subfield>
          </datafield>
          <datafield ind1=" " ind2="0" tag="701">
            <subfield code="a">季野</subfield>
            <subfield code="A">Ji Ye</subfield>
            <subfield code="4">主编</subfield>
          </datafield>
          <datafield ind1=" " ind2="0" tag="701">
            <subfield code="a">张西明</subfield>
            <subfield code="A">Zhang Xi Ming</subfield>
            <subfield code="4">主编</subfield>
          </datafield>
          <datafield ind1=" " ind2="0" tag="701">
            <subfield code="a">曲克敏</subfield>
            <subfield code="A">Qu Ke Min</subfield>
            <subfield code="4">主编</subfield>
          </datafield>
          <datafield ind1=" " ind2="0" tag="801">
            <subfield code="a">CN</subfield>
            <subfield code="b">TL</subfield>
            <subfield code="c">20000119</subfield>
          </datafield>
          <datafield ind1=" " ind2="2" tag="801">
            <subfield code="a">CN</subfield>
            <subfield code="b">BNU</subfield>
            <subfield code="c">20060406</subfield>
          </datafield>
          <datafield ind1=" " ind2=" " tag="905">
            <subfield code="a">BNU</subfield>
            <subfield code="c">bk</subfield>
            <subfield code="d">D668</subfield>
            <subfield code="e">bnu4</subfield>
            <subfield code="s">D668/bnu4</subfield>
            <subfield code="z">bcp</subfield>
          </datafield>
          <datafield ind1=" " ind2=" " tag="909">
            <subfield code="a">D668</subfield>
            <subfield code="v">4</subfield>
          </datafield>
          <datafield ind1=" " ind2=" " tag="909">
            <subfield code="a">F124</subfield>
            <subfield code="v">4</subfield>
          </datafield>
          <datafield ind1=" " ind2=" " tag="999">
            <subfield code="a">ZGF</subfield>
            <subfield code="c">20060406</subfield>
            <subfield code="e">HXH</subfield>
            <subfield code="g">20120517</subfield>
          </datafield>
          <datafield ind1=" " ind2=" " tag="AVA">
            <subfield code="0">990004545720203961</subfield>
            <subfield code="8">22350085510003961</subfield>
            <subfield code="a">86BNU_INST</subfield>
            <subfield code="b">MDMP</subfield>
            <subfield code="c">中文库本书—A-H(主馆六层)</subfield>
            <subfield code="d">D668 bnu4</subfield>
            <subfield code="e">available</subfield>
            <subfield code="f">1</subfield>
            <subfield code="g">0</subfield>
            <subfield code="j">BCPSA</subfield>
            <subfield code="k">8</subfield>
            <subfield code="p">1</subfield>
            <subfield code="q">总馆普通文献</subfield>
          </datafield>
          <datafield ind1=" " ind2=" " tag="OWN">
            <subfield code="a">BM03</subfield>
          </datafield>
        </record>
      </recordData>
      <recordIdentifier>990004545720203961</recordIdentifier>
      <recordPosition>10</recordPosition>
    </record>
  </records>
  <nextRecordPosition>11</nextRecordPosition>
  <extraResponseData xmlns:xb="http://www.exlibris.com/repository/search/xmlbeans/">
    <xb:exact>true</xb:exact>
    <xb:responseDate>2021-08-10T12:42:41+0800</xb:responseDate>
  </extraResponseData>
</searchRetrieveResponse>